<?xml version="1.0" encoding="UTF-8" ?>
<collection xmlns:xsi="http://www.w3.org/2001/XMLSchema-instance"
    xsi:schemaLocation="http://www.loc.gov/MARC21/slim
        http://www.loc.gov/standards/marcxml/schema/MARC21slim.xsd"
    xmlns="http://www.loc.gov/MARC21/slim">
<record>
  <leader>00232cam a2200433 i 4500</leader>
  <controlfield tag="001">b12395201</controlfield>
  <controlfield tag="003">LeBAU</controlfield>
  <controlfield tag="005">20180914</controlfield>
  <controlfield tag="008">970324s1927    iq            ||0 0 ara d</controlfield>
  <datafield tag="035" ind1=" " ind2=" ">
    <subfield code="a">ocn784296481</subfield>
  </datafield>
  <datafield tag="040" ind1=" " ind2=" ">
    <subfield code="a">LEAUB</subfield>
    <subfield code="b">ara</subfield>
    <subfield code="e">rda</subfield>
    <subfield code="c">LEAUB</subfield>
    <subfield code="d">LEAUB</subfield>
  </datafield>
  <datafield tag="082" ind1="0" ind2="4">
    <subfield code="a">297.82</subfield>
    <subfield code="2">22</subfield>
  </datafield>
  <datafield tag="100" ind1="1" ind2=" ">
    <subfield code="6">880-01</subfield>
    <subfield code="a">Karājikī, Muḥammad ibn ʻAlī,</subfield>
    <subfield code="d">-1057 or 1058,</subfield>
    <subfield code="e">author.</subfield>
  </datafield>
  <datafield tag="245" ind1="1" ind2="0">
    <subfield code="6">880-02</subfield>
    <subfield code="a">Kitāb al-Istinṣār fī al-naṣṣ ʻalá al-aʼimmah al-aṭhār /</subfield>
    <subfield code="c">taʼlīf al-imām al-ʻallāmah Abī al-Fatḥ faqīh al-aṣḥāb Muḥammad ibn ʻAlī ibn ʻUthmān al-Karājikī, ṣāḥib al-taʼālīf al-mumtiʻah al-bālighah ilá miʼat wa-sabʻīn wa-huwa min ṣudūr ʻulamāʼ al-imāmīyah al-qudamāʼ wa-min muʻāṣirī shaykh al-ṭāyifah Abī Jaʻfar al-Ṭūsī... Wa-yalīhi kitāb Muqtaḍab al-athar fī al-naṣṣ ʻalá al-aʼimmah al-ithnay ʻashar / ta’līf al-imām al-ʻallāmah Ibn ʻAyyāsh.</subfield>
  </datafield>
  <datafield tag="246" ind1="3" ind2="0">
    <subfield code="6">880-03</subfield>
    <subfield code="a">Istinṣār fī al-naṣṣ ʻalá al-aʼimmah al-aṭhār</subfield>
  </datafield>
  <datafield tag="246" ind1="3" ind2="0">
    <subfield code="6">880-04</subfield>
    <subfield code="a">kitāb Muqtaḍab al-athar fī al-naṣṣ ʻalá al-aʼimmah al-ithnay ʻashar</subfield>
  </datafield>
  <datafield tag="264" ind1=" " ind2="1">
    <subfield code="6">880-05</subfield>
    <subfield code="a">al-Najaf al-ashraf :</subfield>
    <subfield code="b">al-Maṭbaʻah al-ʻAlawīyah,</subfield>
    <subfield code="c">1346 H., [1927? M.]</subfield>
  </datafield>
  <datafield tag="300" ind1=" " ind2=" ">
    <subfield code="6">880-06</subfield>
    <subfield code="a">38, 57 pages ;</subfield>
    <subfield code="c">18 cm</subfield>
  </datafield>
  <datafield tag="336" ind1=" " ind2=" ">
    <subfield code="a">text</subfield>
    <subfield code="b">txt</subfield>
    <subfield code="2">rdacontent</subfield>
  </datafield>
  <datafield tag="337" ind1=" " ind2=" ">
    <subfield code="a">unmediated</subfield>
    <subfield code="b">n</subfield>
    <subfield code="2">rdamedia</subfield>
  </datafield>
  <datafield tag="338" ind1=" " ind2=" ">
    <subfield code="a">volume</subfield>
    <subfield code="b">nc</subfield>
    <subfield code="2">rdacarrier</subfield>
  </datafield>
  <datafield tag="500" ind1=" " ind2=" ">
    <subfield code="a">"وكانت النسخة التي طبعنا عليها هذه النسخة كانت من أنفس ذخائر مكتبة قائد الأمة وزعيمها المقدم ومجدد المذهب في القرن الرابع عشر الحاج ميرزا محمد حسن الشيرازي نزيل سامراء قده المتوفى سنة 1312 وكانت غاية في الصحة والسداد وكانت كتابتها قبل سبعة قرون."</subfield>
  </datafield>
  <datafield tag="650" ind1=" " ind2="4">
    <subfield code="a">الإمامة</subfield>
    <subfield code="v">اعمال قديمة حتى 1800.</subfield>
  </datafield>
  <datafield tag="650" ind1=" " ind2="4">
    <subfield code="a">الشيعة</subfield>
    <subfield code="x">عقائد</subfield>
    <subfield code="v">اعمال قديمة حتى 1800.</subfield>
  </datafield>
  <datafield tag="650" ind1=" " ind2="0">
    <subfield code="a">Imamate</subfield>
    <subfield code="v">Early works to 1800.</subfield>
  </datafield>
  <datafield tag="650" ind1=" " ind2="0">
    <subfield code="a">Shīʻah</subfield>
    <subfield code="x">Doctrines</subfield>
    <subfield code="v">Early works to 1800.</subfield>
  </datafield>
  <datafield tag="700" ind1="1" ind2="2">
    <subfield code="6">880-07</subfield>
    <subfield code="a">Jawharī, Aḥmad ibn Muḥammad,</subfield>
    <subfield code="d">-1010 or 1011.</subfield>
    <subfield code="t">Muqtaḍab al-athar fī al-naṣṣ ʻalá al-aʼimmah al-ithnay ʻashar.</subfield>
  </datafield>
  <datafield tag="852" ind1=" " ind2=" ">
    <subfield code="a">Jafet Library</subfield>
    <subfield code="e">American University of Beirut, Bliss Street , Beirut, Lebanon.</subfield>
  </datafield>
  <datafield tag="880" ind1="1" ind2=" ">
    <subfield code="6">100-01/(3/r</subfield>
    <subfield code="a">الكراجكي، محمد بن علي،</subfield>
    <subfield code="d">-1057 او 1058،</subfield>
    <subfield code="e">مؤلف. </subfield>
    <subfield code="4">aut.</subfield>
  </datafield>
  <datafield tag="880" ind1="1" ind2="0">
    <subfield code="6">245-02/(3/r</subfield>
    <subfield code="a">كتاب الإستنصار في النص على الأئمة الأطهار /</subfield>
    <subfield code="c">تأليف الإمام العلامة أبي الفتح فقيه الأصحاب محمد بن علي بن عثمان الكراجكي، صاحب التآليف الممتعة البالغة الى مائة وسبعين وهو من صدور علماء الإمامية القدماء ومن معاصري شيخ الطايفة أبي جعفر الطوسي... ويليه كتاب مقتضب الأثر في النص على الأئمة الإثني عشر / تأليف الإمام العلامة إبن عياش.</subfield>
  </datafield>
  <datafield tag="880" ind1="3" ind2="0">
    <subfield code="6">246-03/(3/r</subfield>
    <subfield code="a">الإستنصار في النص على الأئمة الأطهار</subfield>
  </datafield>
  <datafield tag="880" ind1="3" ind2="0">
    <subfield code="6">246-04/(3/r</subfield>
    <subfield code="a">كتاب مقتضب الأثر في النص على الأئمة الإثني عشر</subfield>
  </datafield>
  <datafield tag="880" ind1=" " ind2="1">
    <subfield code="6">264-05/(3/r</subfield>
    <subfield code="a">النجف الأشرف :</subfield>
    <subfield code="b">المطبعة العلوية،</subfield>
    <subfield code="c">1364 هـ.، [1927؟ م.]</subfield>
  </datafield>
  <datafield tag="880" ind1=" " ind2=" ">
    <subfield code="6">300-06/(3/r</subfield>
    <subfield code="a">38، 57 صفحة ؛</subfield>
    <subfield code="c">18 سم</subfield>
  </datafield>
  <datafield tag="880" ind1="1" ind2="2">
    <subfield code="6">700-07/(3/r</subfield>
    <subfield code="a">الجوهري، أحمد بن محمد،</subfield>
    <subfield code="d">-1010 او 1011.</subfield>
    <subfield code="t">مقتضب الأثر في النص على الأئمة الإثني عشر.</subfield>
  </datafield>
  <datafield tag="907" ind1=" " ind2=" ">
    <subfield code="a">.b12395201</subfield>
    <subfield code="b">18-09-14</subfield>
    <subfield code="c">11-05-24</subfield>
  </datafield>
  <datafield tag="907" ind1=" " ind2=" ">
    <subfield code="a">.b12395201</subfield>
    <subfield code="b">11-09-07</subfield>
    <subfield code="c">11-05-24</subfield>
  </datafield>
  <datafield tag="945" ind1=" " ind2=" ">
    <subfield code="f">J</subfield>
    <subfield code="a">297.82:K18kA:c.1</subfield>
    <subfield code="i">01012759</subfield>
    <subfield code="j">.i19302976</subfield>
    <subfield code="l">u0503</subfield>
  </datafield>
  <datafield tag="998" ind1=" " ind2=" ">
    <subfield code="a">u05</subfield>
    <subfield code="b">11-05-24</subfield>
    <subfield code="c">m</subfield>
    <subfield code="d">a  </subfield>
    <subfield code="e">-</subfield>
    <subfield code="f">ara</subfield>
    <subfield code="g">iq </subfield>
    <subfield code="h">0</subfield>
    <subfield code="i">0</subfield>
  </datafield>
</record>
</collection>
